<?xml version="1.0" encoding="UTF-8"?><record xmlns="http://www.loc.gov/MARC21/slim" xmlns:cinclude="http://apache.org/cocoon/include/1.0" xmlns:zs="http://www.loc.gov/zing/srw/">
  <leader>00405nz  a2200121n  4500</leader>
  <controlfield tag="001">n  89623873 </controlfield>
  <controlfield tag="003">DLC</controlfield>
  <controlfield tag="005">19890419113211.0</controlfield>
  <controlfield tag="008">890419n| acannaab|          |n aad |||  </controlfield>
  <datafield tag="010" ind1=" " ind2=" ">
    <subfield code="a">n  89623873 </subfield>
  </datafield>
  <datafield tag="040" ind1=" " ind2=" ">
    <subfield code="a">DLC</subfield>
    <subfield code="c">DLC</subfield>
  </datafield>
  <datafield tag="100" ind1="1" ind2="0">
    <subfield code="a">Freeman, William H.,</subfield>
    <subfield code="d">1933-</subfield>
  </datafield>
  <datafield tag="670" ind1=" " ind2=" ">
    <subfield code="a">nuc89-43113: His An analysis of military land ... [MI] 1974</subfield>
    <subfield code="b">(hdg. on WHi rept.: Freeman, William H., 1933- ; usage: William H. Freeman, Jr.)</subfield>
  </datafield>
</record>